<?xml version="1.0" encoding="UTF-8"?><collection xmlns="http://www.loc.gov/MARC21/slim"><record><leader>00498nam--2200193-i-4500</leader><controlfield tag="001">000010392</controlfield><controlfield tag="002">20161230</controlfield><controlfield tag="005">20170107172814</controlfield><controlfield tag="008">060222s1000------------r-----000-0-rus-d</controlfield><datafield ind1=" " ind2=" " tag="040"><subfield code="a">IFIN-HH</subfield></datafield><datafield ind1=" " ind2=" " tag="041"><subfield code="a">rus</subfield></datafield><datafield ind1=" " ind2=" " tag="080"><subfield code="a">53.02</subfield></datafield><datafield ind1="1" ind2=" " tag="110"><subfield code="a">Akademia Nauk Gruzinskoi SSR</subfield></datafield><datafield ind1="1" ind2="0" tag="245"><subfield code="a">Sbornik rabot po uravneniam matematiceskoi fiziki</subfield></datafield><datafield ind1=" " ind2=" " tag="260"><subfield code="a">Taskent 616 P</subfield><subfield code="b">Metniereba</subfield><subfield code="c">1974-1976</subfield></datafield><datafield ind1=" " ind2=" " tag="300"><subfield code="a">2 vol</subfield></datafield><datafield ind1="1" ind2=" " tag="787"><subfield code="a">Vol. 6</subfield><subfield code="h">127 p</subfield></datafield><datafield ind1=" " ind2=" " tag="852"><subfield code="a">42327</subfield><subfield code="c">53.02</subfield></datafield><datafield ind1=" " ind2=" " tag="CAT"><subfield code="a">SYS</subfield><subfield code="c">20170107</subfield><subfield code="h">172814</subfield></datafield></record></collection>